<record xmlns="http://www.loc.gov/MARC21/slim" xmlns:xsi="http://www.w3.org/2001/XMLSchema-instance" xsi:schemaLocation="http://www.loc.gov/MARC21/slim http://www.loc.gov/standards/marcxml/schema/MARC21slim.xsd"><leader>02476nam a2200421   4500</leader><controlfield tag="001">001696995</controlfield><controlfield tag="003">NNU</controlfield><controlfield tag="006">m        d        </controlfield><controlfield tag="007">cr cn |||m|||a</controlfield><controlfield tag="008">150116s1872    tu      o     000 0dara d</controlfield><datafield ind1=" " ind2=" " tag="040"><subfield code="a">NNU</subfield><subfield code="b">eng</subfield><subfield code="c">NNU</subfield></datafield><datafield ind1=" " ind2="4" tag="050"><subfield code="a">PJ7515</subfield><subfield code="b">.A28</subfield></datafield><datafield ind1="1" ind2=" " tag="100"><subfield code="6">880-01</subfield><subfield code="a">Mis&#803;ri&#772;, Mi&#772;kha&#772;&#700;i&#772;l &#699;Abd al-Sayyid.</subfield></datafield><datafield ind1="1" ind2="0" tag="240"><subfield code="6">880-02</subfield><subfield code="a">Sulwa&#772;n al-shaji&#772; fi&#772; al-radd &#699;ala&#769; Ibra&#772;hi&#772;m al-Ya&#772;ziji&#772;</subfield></datafield><datafield ind1="1" ind2="0" tag="245"><subfield code="6">880-03</subfield><subfield code="a">Kita&#772;b Sulwa&#772;n al-shaji&#772; fi&#772; al-radd &#699;ala&#769; Ibra&#772;hi&#772;m al-Ya&#772;ziji&#772;</subfield><subfield code="h">[electronic resource] /</subfield><subfield code="c">ta&#700;li&#772;f Mikha&#772;yil Afandi&#772; &#699;Abd al-Sayyid al-Mis&#803;ri&#772;.</subfield></datafield><datafield ind1=" " ind2=" " tag="250"><subfield code="6">880-04</subfield><subfield code="a">al-T&#803;ab&#699;ah 1, t&#803;ubi&#699;a minha&#772; 5000 nuskhah.</subfield></datafield><datafield ind1=" " ind2=" " tag="260"><subfield code="6">880-05</subfield><subfield code="a">al-Asita&#772;nah [Istanbul] :</subfield><subfield code="b">Mat&#803;ba&#699;at al-Jawa&#772;&#700;ib,</subfield><subfield code="c">1289 [1872]</subfield></datafield><datafield ind1=" " ind2=" " tag="300"><subfield code="a">online resource (4, 110 p.)</subfield></datafield><datafield ind1=" " ind2=" " tag="500"><subfield code="a">Defense of Ah&#803;mad Fa&#772;ris al-Shidya&#772;q against polemics of Ibra&#772;hi&#772;m al-Ya&#772;ziji&#772;.</subfield></datafield><datafield ind1=" " ind2=" " tag="500"><subfield code="a">Part of the Arabic Collections Online (ACO) project, contributed by New York Univeristy Libraries.</subfield></datafield><datafield ind1=" " ind2=" " tag="533"><subfield code="a">Electronic reproduction.</subfield><subfield code="b">New York, N.Y. :</subfield><subfield code="c">New York University,</subfield><subfield code="d">2015.</subfield><subfield code="5">NNU</subfield></datafield><datafield ind1="1" ind2="0" tag="600"><subfield code="a">Shidya&#772;q, Ah&#803;mad Fa&#772;ris,</subfield><subfield code="d">1804?-1887.</subfield></datafield><datafield ind1="1" ind2="0" tag="600"><subfield code="a">Y&#257;zij&#299;, Ibr&#257;h&#299;m,</subfield><subfield code="d">1847-1906.</subfield></datafield><datafield ind1="1" ind2="7" tag="600"><subfield code="a">Shidya&#772;q, Ah&#803;mad Fa&#772;ris,</subfield><subfield code="d">1804?-1887.</subfield><subfield code="2">fast</subfield><subfield code="0">(OCoLC)fst00163955</subfield></datafield><datafield ind1="1" ind2="7" tag="600"><subfield code="a">Ya&#772;ziji&#772;, Ibra&#772;hi&#772;m,</subfield><subfield code="d">1847-1906.</subfield><subfield code="2">fast</subfield><subfield code="0">(OCoLC)fst00088378</subfield></datafield><datafield ind1="2" ind2=" " tag="710"><subfield code="a">New York University.</subfield><subfield code="b">Libraries.</subfield></datafield><datafield ind1="0" ind2=" " tag="730"><subfield code="a">Arabic Collections Online.</subfield></datafield><datafield ind1="0" ind2=" " tag="740"><subfield code="6">880-05</subfield><subfield code="a">Sulwa&#772;n al-shaji&#772; fi&#772; al-radd &#699;ala&#769; Ibra&#772;hi&#772;m al-Ya&#772;ziji&#772;.</subfield></datafield><datafield ind1="0" ind2="8" tag="776"><subfield code="i">Print version:</subfield><subfield code="a">Mis&#803;ri&#772;, Mi&#772;kha&#772;&#700;i&#772;l &#699;Abd al-Sayyid.</subfield><subfield code="t">Kita&#772;b Sulwa&#772;n al-shaji&#772; fi&#772; al-radd &#699;ala&#769; Ibra&#772;hi&#772;m al-Ya&#772;ziji&#772;</subfield><subfield code="w">(NNU)001696995</subfield></datafield><datafield ind1="4" ind2="0" tag="856"><subfield code="u">http://hdl.handle.net/2333.1/cnp5hs4r</subfield></datafield><datafield ind1="1" ind2=" " tag="880"><subfield code="6">100-01/</subfield><subfield code="a">&#1605;&#1589;&#1585;&#1610;&#1548; &#1605;&#1582;&#1575;&#1574;&#1610;&#1604; &#1593;&#1576;&#1583; &#1575;&#1604;&#1587;&#1610;&#1583;.</subfield></datafield><datafield ind1="1" ind2="0" tag="880"><subfield code="6">240-02/</subfield><subfield code="a">&#1587;&#1604;&#1608;&#1575;&#1606; &#1575;&#1604;&#1588;&#1580;&#1609; &#1601;&#1609; &#1575;&#1604;&#1585;&#1583; &#1593;&#1604;&#1609; &#1575;&#1576;&#1585;&#1575;&#1607;&#1610;&#1605; &#1575;&#1604;&#1610;&#1575;&#1586;&#1580;&#1609;.</subfield></datafield><datafield ind1="1" ind2="0" tag="880"><subfield code="6">245-03/</subfield><subfield code="a">&#1603;&#1578;&#1575;&#1576; &#1587;&#1604;&#1608;&#1575;&#1606; &#1575;&#1604;&#1588;&#1580;&#1609; &#1601;&#1609; &#1575;&#1604;&#1585;&#1583; &#1593;&#1604;&#1609; &#1575;&#1576;&#1585;&#1575;&#1607;&#1610;&#1605; &#1575;&#1604;&#1610;&#1575;&#1586;&#1580;&#1609; /</subfield><subfield code="c">&#1578;&#1575;&#1604;&#1610;&#1601; &#1605;&#1582;&#1575;&#1574;&#1610;&#1604; &#1593;&#1576;&#1583;&#1575;&#1604;&#1587;&#1610;&#1583; &#1575;&#1604;&#1605;&#1589;&#1585;&#1610;.</subfield></datafield><datafield ind1=" " ind2=" " tag="880"><subfield code="6">250-04/</subfield><subfield code="a">&#1575;&#1604;&#1591;&#1576;&#1593;&#1577; 1&#1548; &#1591;&#1576;&#1593; &#1605;&#1606;&#1607;&#1575; 5000 &#1606;&#1587;&#1582;&#1577;.</subfield></datafield><datafield ind1=" " ind2=" " tag="880"><subfield code="6">260-05/</subfield><subfield code="a">&#1575;&#1604;&#1575;&#1587;&#1578;&#1575;&#1606;&#1577; [&#1575;&#1587;&#1578;&#1606;&#1576;&#1608;&#1604;] :</subfield><subfield code="b">&#1605;&#1591;&#1576;&#1593;&#1577; &#1575;&#1604;&#1580;&#1608;&#1575;&#1574;&#1576;&#1548;</subfield><subfield code="c">&#1633;&#1634;&#1640;&#1641; [&#1633;&#1640;&#1639;&#1634;]</subfield></datafield><datafield ind1="0" ind2=" " tag="880"><subfield code="6">740-05/</subfield><subfield code="a">&#1587;&#1604;&#1608;&#1575;&#1606; &#1575;&#1604;&#1588;&#1580;&#1610; &#1601;&#1610; &#1575;&#1604;&#1585;&#1583; &#1593;&#1604;&#1609; &#1575;&#1576;&#1585;&#1575;&#1607;&#1610;&#1605; &#1575;&#1604;&#1610;&#1575;&#1586;&#1580;&#1610;.</subfield></datafield><datafield ind1=" " ind2=" " tag="959"><subfield code="a">NNU</subfield><subfield code="b">WEB</subfield><subfield code="c">GENI</subfield><subfield code="t">0</subfield><subfield code="m">Electronic access</subfield><subfield code="s">01</subfield></datafield><datafield ind1=" " ind2=" " tag="999"><subfield code="i">NNU_001696995</subfield><subfield code="o" /></datafield></record>